<?xml version="1.0" encoding="UTF-8"?><record xmlns="http://www.loc.gov/MARC21/slim" xmlns:cinclude="http://apache.org/cocoon/include/1.0" xmlns:zs="http://www.loc.gov/zing/srw/">
  <leader>00545cz  a2200181n  4500</leader>
  <controlfield tag="001">n  95106306 </controlfield>
  <controlfield tag="003">DLC</controlfield>
  <controlfield tag="005">20130315103804.0</controlfield>
  <controlfield tag="008">951026n| azannaab           |a ana      </controlfield>
  <datafield tag="010" ind1=" " ind2=" ">
    <subfield code="a">n  95106306 </subfield>
  </datafield>
  <datafield tag="035" ind1=" " ind2=" ">
    <subfield code="a">(OCoLC)oca03947271</subfield>
  </datafield>
  <datafield tag="040" ind1=" " ind2=" ">
    <subfield code="a">DLC</subfield>
    <subfield code="b">eng</subfield>
    <subfield code="e">rda</subfield>
    <subfield code="c">DLC</subfield>
    <subfield code="d">OCoLC</subfield>
    <subfield code="d">DLC</subfield>
  </datafield>
  <datafield tag="046" ind1=" " ind2=" ">
    <subfield code="k">1909</subfield>
  </datafield>
  <datafield tag="130" ind1=" " ind2="0">
    <subfield code="a">Bible.</subfield>
    <subfield code="p">John.</subfield>
    <subfield code="l">Tibetan.</subfield>
    <subfield code="f">1909</subfield>
  </datafield>
  <datafield tag="377" ind1=" " ind2=" ">
    <subfield code="a">tib</subfield>
  </datafield>
  <datafield tag="430" ind1=" " ind2="0">
    <subfield code="w">nnea</subfield>
    <subfield code="a">Bible.</subfield>
    <subfield code="p">N.T.</subfield>
    <subfield code="p">John.</subfield>
    <subfield code="l">Tibetan.</subfield>
    <subfield code="f">1909</subfield>
  </datafield>
  <datafield tag="430" ind1=" " ind2="0">
    <subfield code="a">Bible.</subfield>
    <subfield code="p">Ya-ha-nan gyi 'phrin bzaṅ bźugso [sic],</subfield>
    <subfield code="f">1909</subfield>
  </datafield>
  <datafield tag="670" ind1=" " ind2=" ">
    <subfield code="a">Ya-ha-nan gyi 'phrin bzaṅ bźugso [sic], 1909.</subfield>
  </datafield>
</record>